@misc{muest2017,
  author        = {Tapia García,Jesús Alberto},
  title         = {{Muestreo Estadístico 1}},
  year          = {2017/18},
  publisher     = {Facultad de Ciencias: Departamento de Estadística}
}
